@INPROCEEDINGS{4013958,
author={L. Zhao and J. g. Luo and M. Zhang and W. j. Fu and J. Luo and Y. f. Zhang and S. q. Yang},
booktitle={2005 IEEE 7th Workshop on Multimedia Signal Processing},
title={Gridmedia: A Practical Peer-to-Peer Based Live Video Streaming System},
year={2005},
pages={1-4},
keywords={grid computing;peer-to-peer computing;television broadcasting;video streaming;China Central TV;Gridmedia;NAT;network address translator;peer-to-peer based live video streaming system;Bandwidth;Broadcasting;Computer science;Delay;Internet;Network address translation;Peer to peer computing;Relays;Springs;Streaming media;Peer-to-Peer Streaming;Push-Pull Streaming Mechanism;Single Source Multicast},
doi={10.1109/MMSP.2005.248686},
month={Oct},}

@inproceedings{1251243,
 author = {Jannotti, John and Gifford, David K. and Johnson, Kirk L. and Kaashoek, M. Frans and O'Toole,Jr., James W.},
 title = {Overcast: Reliable Multicasting with on Overlay Network},
 booktitle = {Proceedings of the 4th Conference on Symposium on Operating System Design \& Implementation - Volume 4},
 series = {OSDI'00},
 year = {2000},
 location = {San Diego, California},
 articleno = {14},
 url = {http://dl.acm.org/citation.cfm?id=1251229.1251243},
 acmid = {1251243},
 publisher = {USENIX Association},
 address = {Berkeley, CA, USA},
}

@inproceedings{633045,
 author = {Banerjee, Suman and Bhattacharjee, Bobby and Kommareddy, Christopher},
 title = {Scalable Application Layer Multicast},
 booktitle = {Proceedings of the 2002 Conference on Applications, Technologies, Architectures, and Protocols for Computer Communications},
 series = {SIGCOMM '02},
 year = {2002},
 isbn = {1-58113-570-X},
 location = {Pittsburgh, Pennsylvania, USA},
 pages = {205--217},
 numpages = {13},
 url = {http://doi.acm.org/10.1145/633025.633045},
 doi = {10.1145/633025.633045},
 acmid = {633045},
 publisher = {ACM},
 address = {New York, NY, USA},
 keywords = {application layer multicast, hierarchy, overlay networks, peer-to-peer systems, scalability},
}

@article{2314951,
 author = {Tran, D. A. and Hua, K. A. and Do, T. T.},
 title = {A Peer-to-peer Architecture for Media Streaming},
 journal = {IEEE J.Sel. A. Commun.},
 issue_date = {September 2006},
 volume = {22},
 number = {1},
 year = {2006},
 issn = {0733-8716},
 pages = {121--133},
 numpages = {13},
 url = {http://dx.doi.org/10.1109/JSAC.2003.818803},
 doi = {10.1109/JSAC.2003.818803},
 acmid = {2314951},
 publisher = {IEEE Press},
}

@inproceedings{2138975,
 author = {Pai, Vinay and Kumar, Kapil and Tamilmani, Karthik and Sambamurthy, Vinay and Mohr, Alexander E.},
 title = {Chainsaw: Eliminating Trees from Overlay Multicast},
 booktitle = {Proceedings of the 4th International Conference on Peer-to-Peer Systems},
 series = {IPTPS'05},
 year = {2005},
 isbn = {3-540-29068-0, 978-3-540-29068-1},
 location = {Ithaca, NY},
 pages = {127--140},
 numpages = {14},
 url = {http://dx.doi.org/10.1007/1155898912},
 doi = {10.1007/11558989_12},
 acmid = {2138975},
 publisher = {Springer-Verlag},
 address = {Berlin, Heidelberg},
}

@inproceedings{878473483,
    author = {Xinyan Zhang and Jiangchuan Liu and Bo Li and Tak-shing Peter Yum},
    title = {CoolStreaming/DONet: A Data-driven Overlay Network for Peer-to-Peer Live Media Streaming},
    booktitle = {in IEEE Infocom},
    year = {2005}
}

@ARTICLE{5208239,
author={Z. Liu and Y. Shen and K. W. Ross and S. S. Panwar and Y. Wang},
journal={IEEE Transactions on Multimedia},
title={LayerP2P: Using Layered Video Chunks in P2P Live Streaming},
year={2009},
volume={11},
number={7},
pages={1340-1352},
keywords={bandwidth allocation;inhomogeneous media;peer-to-peer computing;video coding;video streaming;P2P live streaming;PlanetLab;bandwidth deficient scenario adaption;bandwidth resource contribution;clients system;free-riders protection;layerP2P;layered codec;layered video chunk;mesh P2P distribution;seeds system;tit-for-tat-like algorithm;trackers system;video quality improvement;Layered video;peer-to-peer;streaming},
doi={10.1109/TMM.2009.2030656},
ISSN={1520-9210},
month={Nov},}

@article{1403001,
 author = {Huang, Yan and Fu, Tom Z.J. and Chiu, Dah-Ming and Lui, John C.S. and Huang, Cheng},
 title = {Challenges, Design and Analysis of a Large-scale P2P-vod System},
 journal = {SIGCOMM Comput. Commun. Rev.},
 issue_date = {October 2008},
 volume = {38},
 number = {4},
 year = {2008},
 issn = {0146-4833},
 pages = {375--388},
 numpages = {14},
 url = {http://doi.acm.org/10.1145/1402946.1403001},
 doi = {10.1145/1402946.1403001},
 acmid = {1403001},
 publisher = {ACM},
 address = {New York, NY, USA},
 keywords = {content distribution, peer-to-peer/overlay networks, video-on-demand},
}

@INPROCEEDINGS{4685232,
author={Xiao Su and Linan Chang},
booktitle={2008 Third International Conference on Communications and Networking in China},
title={A measurement study of PPStream},
year={2008},
pages={1162-1166},
keywords={data privacy;media streaming;peer-to-peer computing;protocols;PPStream protocol;availability;channel discovery;denial-of-service attacks;locality;media packet exchange;media streaming systems;packet filtering;peer discovery protocols;peer registration;peer-to-peer file sharing;privacy;Bandwidth;File servers;Network servers;Peer to peer computing;Performance analysis;Privacy;Protocols;Real time systems;Robustness;Streaming media},
doi={10.1109/CHINACOM.2008.4685232},
month={Aug},}

@INPROCEEDINGS{4346415,
author={S. Xie and G. Y. Keung and B. Li},
booktitle={2007 International Conference on Parallel Processing Workshops (ICPPW 2007)},
title={A Measurement of a large-scale Peer-to-Peer Live Video Streaming System},
year={2007},
pages={57-57},
keywords={Internet;peer-to-peer computing;telecommunication network topology;video streaming;Coolstreaming;Internet;commercial P2P streaming systems;file distributions;highly skewed distribution;large-scale live streaming trials;large-scale peer-to-peer live video streaming system;overlay topology;peer contribution;Application software;Broadcasting;Computer science;Control systems;Internet;Large-scale systems;Peer to peer computing;Scalability;Streaming media;Topology},
doi={10.1109/ICPPW.2007.9},
ISSN={0190-3918},
month={Sept},}

@misc{2345234,
  added-at = {2006-07-02T00:05:26.000+0200},
  author = {Fielding, R. and Gettys, J. and Mogul, J. and Frystyk, H. and Masinter, L. and Leach, P. and Berners-Lee, T.},
  biburl = {https://www.bibsonomy.org/bibtex/2623e3c2409685a7fcece0273b8ebf981/jil},
  interhash = {ea213e32619512cfc4bdeb5d92daf5e4},
  intrahash = {623e3c2409685a7fcece0273b8ebf981},
  keywords = {2616 http standard seminar2006 rfc},
  timestamp = {2013-11-23T20:11:51.000+0100},
  title = {RFC 2616, Hypertext Transfer Protocol -- HTTP/1.1},
  url = {http://www.rfc.net/rfc2616.html},
  year = 1999
}

@article{945474,
 author = {Castro, Miguel and Druschel, Peter and Kermarrec, Anne-Marie and Nandi, Animesh and Rowstron, Antony and Singh, Atul},
 title = {SplitStream: High-bandwidth Multicast in Cooperative Environments},
 journal = {SIGOPS Oper. Syst. Rev.},
 issue_date = {December 2003},
 volume = {37},
 number = {5},
 year = {2003},
 issn = {0163-5980},
 pages = {298--313},
 numpages = {16},
 url = {http://doi.acm.org/10.1145/1165389.945474},
 doi = {10.1145/1165389.945474},
 acmid = {945474},
 publisher = {ACM},
 address = {New York, NY, USA},
 keywords = {application-level multicast, content distribution, end-system multicast, peer-to-peer, video streaming},
}

@ARTICLE{1038579,
author={M. Castro and P. Druschel and A. M. Kermarrec and A. I. T. Rowstron},
journal={IEEE Journal on Selected Areas in Communications},
title={Scribe: a large-scale and decentralized application-level multicast infrastructure},
year={2002},
volume={20},
number={8},
pages={1489-1499},
keywords={Internet;computer network reliability;discrete event simulation;large-scale systems;multicast communication;performance evaluation;self-adjusting systems;telecommunication network routing;transport protocols;Internet;Internet protocol multicast;Pastry;Scribe;best-effort reliability guarantees;decentralized application-level multicast infrastructure;delay;discrete event simulator;generic peer-to-peer object location;generic routing substrate;group size;link stress;locality properties;network nodes;network topology model;scalable application-level multicast infrastructure;self-organization;simulation results;Delay;IP networks;Internet;Large-scale systems;Multicast protocols;Network topology;Peer to peer computing;Robustness;Routing;Telecommunication network reliability},
doi={10.1109/JSAC.2002.803069},
ISSN={0733-8716},
month={Oct},}

@INPROCEEDINGS{5167392,
author={J. Noh and P. Baccichet and F. Hartung and A. Mavlankar and B. Girod},
booktitle={2009 Picture Coding Symposium},
title={Stanford Peer-to-Peer Multicast (SPPM) - Overview and recent extensions},
year={2009},
pages={1-4},
keywords={decoding;mobile radio;multicast protocols;peer-to-peer computing;telecommunication network topology;trees (mathematics);video coding;video streaming;SPPM;Stanford peer-to-peer multicast protocol;connection speed;decoding;heterogeneous display;high-spatial-resolution scene;interactive region-of-interest streaming;live video streaming;mobile device;multiple complementary tree;time-shifted streaming;Decoding;Delay;Displays;Layout;Multicast protocols;Organizing;Peer to peer computing;Robustness;Streaming media;Watches;mobile streaming;peer-to-peer streaming;region-of-interest;time-shifting;transcoding},
doi={10.1109/PCS.2009.5167392},
month={May},}

@ARTICLE{4803721,
author={N. Magharei and R. Rejaie},
journal={IEEE/ACM Transactions on Networking},
title={PRIME: Peer-to-Peer Receiver-Driven Mesh-Based Streaming},
year={2009},
volume={17},
number={4},
pages={1052-1065},
keywords={media streaming;peer-to-peer computing;PRIME design;Torrent;bandwidth bottleneck;content bottleneck;file swarming mechanisms;overlay connectivity;packet level simulations;packet scheduling scheme;peer-to-peer receiver-driven mesh-based streaming;swarming delivery;Communication systems;Internet;computer networks;multimedia communication;multimedia systems},
doi={10.1109/TNET.2008.2007434},
ISSN={1063-6692},
month={Aug},}

@INPROCEEDINGS{4268203,
author={F. Wang and Y. Xiong and J. Liu},
booktitle={27th International Conference on Distributed Computing Systems (ICDCS '07)},
title={mTreebone: A Hybrid Tree/Mesh Overlay for Application-Layer Live Video Multicast},
year={2007},
pages={49-49},
keywords={Internet;multicast protocols;trees (mathematics);video streaming;Internet;application-layer live video multicast;auxiliary mesh overlay;data-driven approach;hybrid tree-mesh overlay;live media multicast;live video streaming system;mTreebone;multicast protocol;tree-based backbone;Asia;Bandwidth;Delay;IP networks;Peer to peer computing;Proposals;Resilience;Spine;Tree data structures;Vehicle dynamics},
doi={10.1109/ICDCS.2007.122},
ISSN={1063-6927},
month={June},}

@INPROCEEDINGS{6934295,
author={J. Rückert and T. Knierim and D. Hausheer},
booktitle={14-th IEEE International Conference on Peer-to-Peer Computing},
title={Clubbing with the peers: A measurement study of BitTorrent live},
year={2014},
pages={1-10},
keywords={peer-to-peer computing;BTLive;BitTorrent Live;Europe;P2P live streaming system;broadcast server;highly dynamic live streaming workload;idle client resources;multihop content forwarding;peer-to-peer approach;Bandwidth;Bit rate;Conferences;Delays;Peer-to-peer computing;Protocols;Streaming media},
doi={10.1109/P2P.2014.6934295},
ISSN={2161-3559},
month={Sept},}

@misc{rfc7574,
  series =  {Request for Comments},
  number =  7574,
  howpublished =  {RFC 7574},
  publisher = {RFC Editor},
  doi =   {10.17487/rfc7574},
  url =   {https://rfc-editor.org/rfc/rfc7574.txt},
  author =  {Victor Grishchenko and A. Bakker and Riccardo Petrocco},
  title =   {{Peer-to-Peer Streaming Peer Protocol (PPSPP)}},
  pagetotal = 85,
  year =    2015,
  abstract =  {The Peer-to-Peer Streaming Peer Protocol (PPSPP) is a protocol for disseminating the same content to a group of interested parties in a streaming fashion. PPSPP supports streaming of both prerecorded (on- demand) and live audio/video content. It is based on the peer-to- peer paradigm, where clients consuming the content are put on equal footing with the servers initially providing the content, to create a system where everyone can potentially provide upload bandwidth. It has been designed to provide short time-till-playback for the end user and to prevent disruption of the streams by malicious peers. PPSPP has also been designed to be flexible and extensible. It can use different mechanisms to optimize peer uploading, prevent freeriding, and work with different peer discovery schemes (centralized trackers or Distributed Hash Tables). It supports multiple methods for content integrity protection and chunk addressing. Designed as a generic protocol that can run on top of various transport protocols, it currently runs on top of UDP using Low Extra Delay Background Transport (LEDBAT) for congestion control.},
}

@misc{rfc6817,
  series =  {Request for Comments},
  number =  6817,
  howpublished =  {RFC 6817},
  publisher = {RFC Editor},
  doi =   {10.17487/rfc6817},
  url =   {https://rfc-editor.org/rfc/rfc6817.txt},
  author =  {Stanislav Shalunov and Greg Hazel and Janardhan Iyengar and Mirja Kühlewind},
  title =   {{Low Extra Delay Background Transport (LEDBAT)}},
  pagetotal = 25,
  year =    2012,
  abstract =  {Low Extra Delay Background Transport (LEDBAT) is an experimental delay-based congestion control algorithm that seeks to utilize the available bandwidth on an end-to-end path while limiting the consequent increase in queueing delay on that path. LEDBAT uses changes in one-way delay measurements to limit congestion that the flow itself induces in the network. LEDBAT is designed for use by background bulk-transfer applications to be no more aggressive than standard TCP congestion control (as specified in RFC 5681) and to yield in the presence of competing flows, thus limiting interference with the network performance of competing flows. This document defines an Experimental Protocol for the Internet community.},
}

@techreport{8945984,
  added-at = {2011-08-26T08:37:47.000+0200},
  author = {Fecheyr-Lippens, Andrew},
  biburl = {https://www.bibsonomy.org/bibtex/224e43b39eb7dead898cef911c8803d93/xwk},
  interhash = {2887fcca54859329d1d3be52fc96af79},
  intrahash = {24e43b39eb7dead898cef911c8803d93},
  keywords = {http_streaming},
  timestamp = {2011-08-26T08:37:47.000+0200},
  title = {A Review of HTTP Live Streaming},
  url = {http://issuu.com/andruby/docs/httplivestreaming?viewMode=magazine},
  year = 2010
}

@article{6763343,
  author    = {Siamak Sarmady},
  title     = {A Survey on Peer-to-Peer and {DHT}},
  journal   = {CoRR},
  volume    = {abs/1006.4708},
  year      = {2010},
  url       = {http://arxiv.org/abs/1006.4708},
  timestamp = {Mon, 05 Dec 2011 18:05:22 +0100},
  biburl    = {http://dblp.uni-trier.de/rec/bib/journals/corr/abs-1006-4708},
  bibsource = {dblp computer science bibliography, http://dblp.org}
}

@misc{4454567,
  author    = {Netflix Inc},
  title     = {Q117 Letter to shareholders},
  year      = {2017},
  url       = {http://files.shareholder.com/downloads/NFLX/Q117SL.pdf},
  timestamp = {Mon, 05 May 2017 12:00:00 +0100}
}

@misc{rfc791,
  series =  {Request for Comments},
  number =  791,
  howpublished =  {RFC 791},
  publisher = {RFC Editor},
  doi =   {10.17487/rfc791},
  url =   {https://rfc-editor.org/rfc/rfc791.txt},
  author =  {},
  title =   {{Internet Protocol}},
  pagetotal = 51,
  year =    1981,
}

@ARTICLE{4395123,
author={B. Li and S. Xie and G. Y. Keung and J. Liu and I. Stoica and H. Zhang and X. Zhang},
journal={IEEE Journal on Selected Areas in Communications},
title={An Empirical Study of the Coolstreaming+ System},
year={2007},
volume={25},
number={9},
pages={1627-1639},
keywords={Internet;multimedia communication;peer-to-peer computing;protocols;resource allocation;telecommunication network planning;Coolstreaming+ system;Internet live video streaming;content delivery;design limitations;design trade-offs;flash crowd;gossiping protocol;infrastructure support property;overlay construction;peer-to-peer technology;resource allocation;self-scaling property;skew resource distribution;streaming performance;swarm-based protocol;system properties},
doi={10.1109/JSAC.2007.071203},
ISSN={0733-8716},
month={December},}

@INPROCEEDINGS{4697028,
author={Zhengye Liu and Yanming Shen and K. W. Ross and S. S. Panwar and Yao Wang},
booktitle={2008 IEEE International Conference on Network Protocols},
title={Substream Trading: Towards an open P2P live streaming system},
year={2008},
pages={94-103},
keywords={peer-to-peer computing;video streaming;open P2P live streaming system;peer video quality;substream trading;video streaming;Access protocols;Bandwidth;Delay;Information systems;Protection;Security;Streaming media;Technological innovation;Video coding;Web and internet services},
doi={10.1109/ICNP.2008.4697028},
ISSN={1092-1648},
month={Oct},}

@Inbook{Ganesh2001,
author="Ganesh, Ayalvadi J.
and Kermarrec, Anne-Marie
and Massouli{\'e}, Laurent",
editor="Crowcroft, Jon
and Hofmann, Markus",
title="Scamp: Peer-to-Peer Lightweight Membership Service for Large-Scale Group Communication",
bookTitle="Networked Group Communication: Third International COST264 Workshop, NGC 2001 London, UK, November 7--9, 2001 Proceedings",
year="2001",
publisher="Springer Berlin Heidelberg",
address="Berlin, Heidelberg",
pages="44--55",
isbn="978-3-540-45546-2",
doi="10.1007/3-540-45546-94",
url="http://dx.doi.org/10.1007/3-540-45546-94"
}

@Inbook{Maymounkov2002,
author="Maymounkov, Petar
and Mazi{\`e}res, David",
editor="Druschel, Peter
and Kaashoek, Frans
and Rowstron, Antony",
title="Kademlia: A Peer-to-Peer Information System Based on the XOR Metric",
bookTitle="Peer-to-Peer Systems: First InternationalWorkshop, IPTPS 2002 Cambridge, MA, USA, March 7--8, 2002 Revised Papers",
year="2002",
publisher="Springer Berlin Heidelberg",
address="Berlin, Heidelberg",
pages="53--65",
isbn="978-3-540-45748-0",
doi="10.1007/3-540-45748-8_5",
url="http://dx.doi.org/10.1007/3-540-45748-85"
}

@ARTICLE{5491181,
author={K. H. K. Chan and S. H. G. Chan and A. C. Begen},
journal={IEEE Transactions on Multimedia},
title={SPANC: Optimizing Scheduling Delay for Peer-to-Peer Live Streaming},
year={2010},
volume={12},
number={7},
pages={743-753},
keywords={computational complexity;dynamic programming;multimedia computing;network coding;peer-to-peer computing;scheduling;video streaming;SPANC;dynamic programming;max-weighted bipartite matching problem;minimum recovery delay;network coded packets;network coding;packet scheduling;peer-to-peer live streaming algorithm;playback delay;polynomial time;scheduling delay optimization;substream assignment problem;substream pushing and network coding;unstructured mesh;video packet loss;Bandwidth;Kelvin;Network coding;Peer to peer computing;Polynomials;Processor scheduling;Propagation delay;Robustness;Scheduling algorithm;Streaming media;Network coding;optimization;peer-to-peer (P2P) streaming;scheduling;substream pushing},
doi={10.1109/TMM.2010.2053524},
ISSN={1520-9210},
month={Nov},}

@misc{rfc7285,
  series =  {Request for Comments},
  number =  7285,
  howpublished =  {RFC 7285},
  publisher = {RFC Editor},
  doi =   {10.17487/rfc7285},
  url =   {https://rfc-editor.org/rfc/rfc7285.txt},
  author =  {Richard Alimi and Yang Yang and Reinaldo Penno and Sebastian Kiesel and Wendy Roome and Richard Woundy and Stefano Previdi and Stanislav Shalunov},
  title =   {{Application-Layer Traffic Optimization (ALTO) Protocol}},
  pagetotal = 91,
  year =    2014,
  abstract =  {Applications using the Internet already have access to some topology information of Internet Service Provider (ISP) networks. For example, views to Internet routing tables at Looking Glass servers are available and can be practically downloaded to many network application clients. What is missing is knowledge of the underlying network topologies from the point of view of ISPs. In other words, what an ISP prefers in terms of traffic optimization -- and a way to distribute it.},
}

@misc{rfc7846,
  series =  {Request for Comments},
  number =  7846,
  howpublished =  {RFC 7846},
  publisher = {RFC Editor},
  doi =   {10.17487/rfc7846},
  url =   {https://rfc-editor.org/rfc/rfc7846.txt},
  author =  {Rui Sant Cruz and Mario Sera Nunes and Jinwei Xia and Joao P. Taveira and Deng Lingli and Rachel Huang},
  title =   {{Peer-to-Peer Streaming Tracker Protocol (PPSTP)}},
  pagetotal = 55,
  year =    2016,
  abstract =  {This document specifies the base Peer-to-Peer Streaming Tracker Protocol (PPSTP) version 1, an application-layer control (signaling) protocol for the exchange of meta information between trackers and peers. The specification outlines the architecture of the protocol and its functionality; it also describes message flows, message processing instructions, message formats, formal syntax, and semantics. The PPSTP enables cooperating peers to form content-streaming overlay networks to support near real-time delivery of structured media content (audio, video, and associated timed text and metadata), such as adaptive multi-rate, layered (scalable), and multi-view (3D) videos in live, time-shifted, and on-demand modes.},
}

@Inbook{Rowstron2001,
author="Rowstron, Antony
and Druschel, Peter",
editor="Guerraoui, Rachid",
title="Pastry: Scalable, Decentralized Object Location, and Routing for Large-Scale Peer-to-Peer Systems",
bookTitle="Middleware 2001: IFIP/ACM International Conference on Distributed Systems Platforms Heidelberg, Germany, November 12--16, 2001 Proceedings",
year="2001",
publisher="Springer Berlin Heidelberg",
address="Berlin, Heidelberg",
pages="329--350",
isbn="978-3-540-45518-9",
doi="10.1007/3-540-45518-3_18",
url="http://dx.doi.org/10.1007/3-540-45518-318"
}